@inproceedings{lazar2014clone,
  title={Clone detection algorithm based on the Abstract Syntax Tree approach},
  author={Lazar, Flavius-Mihai and Banias, Ovidiu},
  booktitle={Applied Computational Intelligence and Informatics (SACI), 2014 IEEE 9th International Symposium on},
  pages={73--78},
  year={2014},
  organization={IEEE}
}
@inproceedings{baxter1998clone,
  title={Clone detection using abstract syntax trees},
  author={Baxter, Ira D and Yahin, Andrew and Moura, Leonardo and Sant'Anna, Marcelo and Bier, Lorraine},
  booktitle={Software Maintenance, 1998. Proceedings., International Conference on},
  pages={368--377},
  year={1998},
  organization={IEEE}
}